<record xmlns="http://www.loc.gov/MARC21/slim" xmlns:xsi="http://www.w3.org/2001/XMLSchema-instance" xsi:schemaLocation="http://www.loc.gov/MARC21/slim http://www.loc.gov/standards/marcxml/schema/MARC21slim.xsd"><leader>01884nam a2200397   4500</leader><controlfield tag="001">001697000</controlfield><controlfield tag="003">NNU</controlfield><controlfield tag="006">m        d        </controlfield><controlfield tag="007">cr cn |||m|||a</controlfield><controlfield tag="008">150110s1947    ua      ob    001 0 ara d</controlfield><datafield ind1=" " ind2=" " tag="040"><subfield code="a">NNU</subfield><subfield code="b">eng</subfield><subfield code="c">NNU</subfield></datafield><datafield ind1=" " ind2=" " tag="066"><subfield code="c">(3</subfield></datafield><datafield ind1=" " ind2=" " tag="090"><subfield code="a">PJ6106</subfield><subfield code="b">.Q8</subfield></datafield><datafield ind1="1" ind2=" " tag="100"><subfield code="6">880-01</subfield><subfield code="a">Ibn Ma&#7693;&#257;&#700;, A&#7717;mad ibn &#699;Abd al-Ra&#7717;m&#257;n,</subfield><subfield code="d">1119?-1195 or 6</subfield></datafield><datafield ind1="1" ind2="0" tag="240"><subfield code="6">880-02</subfield><subfield code="a">Radd &#699;al&#225; al-nu&#7717;&#257;h</subfield></datafield><datafield ind1="1" ind2="0" tag="245"><subfield code="6">880-03</subfield><subfield code="a">Kit&#257;b al-Radd &#699;al&#225; al-nu&#7717;&#257;h</subfield><subfield code="h">[electronic resource] /</subfield><subfield code="c">li-Ibn Ma&#7693;&#257;&#700; al-Qur&#7789;ub&#299; . Nasharahu wa-&#7717;aqqaqahu Shawq&#299; &#7692;ayf.</subfield></datafield><datafield ind1=" " ind2=" " tag="250"><subfield code="6">880-04</subfield><subfield code="a">al-&#7788;ab&#699;ah 1.</subfield></datafield><datafield ind1=" " ind2=" " tag="260"><subfield code="6">880-05</subfield><subfield code="a">[Cairo] :</subfield><subfield code="b">D&#257;r al-Fikr al-&#699;Arab&#299;,</subfield><subfield code="c">1947.</subfield></datafield><datafield ind1=" " ind2=" " tag="300"><subfield code="a">online resource (167 p.)</subfield></datafield><datafield ind1=" " ind2=" " tag="500"><subfield code="a">Part of the Arabic Collections Online (ACO) project, contributed by New York Univeristy Libraries.</subfield></datafield><datafield ind1=" " ind2=" " tag="504"><subfield code="a">Includes bibliographical references and index.</subfield></datafield><datafield ind1=" " ind2=" " tag="533"><subfield code="a">Electronic reproduction.</subfield><subfield code="b">New York, N.Y. :</subfield><subfield code="c">New York University,</subfield><subfield code="d">2015.</subfield><subfield code="5">NNU</subfield></datafield><datafield ind1=" " ind2="0" tag="650"><subfield code="a">Arabic language</subfield><subfield code="x">Grammar.</subfield></datafield><datafield ind1="1" ind2=" " tag="700"><subfield code="6">880-06</subfield><subfield code="a">&#7692;ayf, Shawq&#299;</subfield></datafield><datafield ind1="2" ind2=" " tag="710"><subfield code="a">New York University.</subfield><subfield code="b">Libraries.</subfield></datafield><datafield ind1="0" ind2=" " tag="730"><subfield code="a">Arabic Collections Online.</subfield></datafield><datafield ind1="0" ind2="8" tag="776"><subfield code="i">Print version:</subfield><subfield code="a">Ibn Ma&#7693;&#257;&#700;, A&#7717;mad ibn &#699;Abd al-Ra&#7717;m&#257;n, 1119?-1195 or 6 880-01</subfield><subfield code="t">Kit&#257;b al-Radd &#699;al&#225; al-nu&#7717;&#257;h</subfield><subfield code="w">(NNU)001697000</subfield></datafield><datafield ind1="4" ind2="0" tag="856"><subfield code="u">http://hdl.handle.net/2333.1/44j0zr35</subfield></datafield><datafield ind1="1" ind2=" " tag="880"><subfield code="6">100-01/</subfield><subfield code="a">&#1575;&#1576;&#1606; &#1605;&#1590;&#1575;&#1569;&#1548; &#1571;&#1581;&#1605;&#1583; &#1576;&#1606; &#1593;&#1576;&#1583; &#1575;&#1604;&#1585;&#1581;&#1605;&#1606;.</subfield></datafield><datafield ind1="1" ind2="2" tag="880"><subfield code="6">240-02/</subfield><subfield code="a">&#1575;&#1604;&#1585;&#1583; &#1593;&#1604;&#1609; &#1575;&#1604;&#1606;&#1581;&#1575;&#1577;</subfield></datafield><datafield ind1="1" ind2="0" tag="880"><subfield code="6">245-03/</subfield><subfield code="a">&#1603;&#1578;&#1575;&#1576; &#1575;&#1604;&#1585;&#1583; &#1593;&#1604;&#1609; &#1575;&#1604;&#1606;&#1581;&#1575;&#1577; /</subfield><subfield code="c">&#1604;&#1573;&#1576;&#1606; &#1605;&#1590;&#1575;&#1569;&#1575;&#1604;&#1602;&#1585;&#1591;&#1576;&#1609; &#1563; &#1606;&#1588;&#1585;&#1607; &#1608;&#1581;&#1602;&#1602;&#1607; &#1588;&#1608;&#1602;&#1609;&#1609; &#1590;&#1610;&#1601;.</subfield></datafield><datafield ind1=" " ind2=" " tag="880"><subfield code="6">250-04/</subfield><subfield code="a">&#1575;&#1604;&#1591;&#1576;&#1593;&#1577; &#1633;.</subfield></datafield><datafield ind1=" " ind2=" " tag="880"><subfield code="6">260-05/</subfield><subfield code="a">[&#1575;&#1604;&#1602;&#1575;&#1607;&#1585;&#1577;] :</subfield><subfield code="b">&#1583;&#1575;&#1585; &#1575;&#1604;&#1601;&#1603;&#1585; &#1575;&#1604;&#1593;&#1585;&#1576;&#1609;&#1548;</subfield><subfield code="c">&#1633;&#1641;&#1636;&#1639;.</subfield></datafield><datafield ind1="1" ind2=" " tag="880"><subfield code="6">700-06/</subfield><subfield code="a">&#1590;&#1610;&#1601;&#1548; &#1588;&#1608;&#1602;&#1609;.</subfield></datafield><datafield ind1=" " ind2=" " tag="959"><subfield code="a">NNU</subfield><subfield code="b">WEB</subfield><subfield code="c">GENI</subfield><subfield code="t">0</subfield><subfield code="m">Electronic access</subfield><subfield code="s">01</subfield></datafield><datafield ind1=" " ind2=" " tag="999"><subfield code="i">NNU_001697000</subfield><subfield code="o" /></datafield></record>